%YAML 1.1
%TAG !u! tag:unity3d.com,2011:
--- !u!1 &1577807716825956140
GameObject:
  m_ObjectHideFlags: 0
  m_CorrespondingSourceObject: {fileID: 0}
  m_PrefabInstance: {fileID: 0}
  m_PrefabAsset: {fileID: 0}
  serializedVersion: 6
  m_Component:
  - component: {fileID: 6263214641250846970}
  - component: {fileID: 9073966196514691616}
  - component: {fileID: 723845224581143366}
  m_Layer: 0
  m_Name: Winning_Camera
  m_TagString: Untagged
  m_Icon: {fileID: 0}
  m_NavMeshLayer: 0
  m_StaticEditorFlags: 0
  m_IsActive: 0
--- !u!4 &6263214641250846970
Transform:
  m_ObjectHideFlags: 0
  m_CorrespondingSourceObject: {fileID: 0}
  m_PrefabInstance: {fileID: 0}
  m_PrefabAsset: {fileID: 0}
  m_GameObject: {fileID: 1577807716825956140}
  m_LocalRotation: {x: -0.0076736235, y: -0.38031703, z: 0.0014514241, w: -0.9248232}
  m_LocalPosition: {x: -3.87, y: 0.25, z: -1.44}
  m_LocalScale: {x: 1, y: 1, z: 1}
  m_Children: []
  m_Father: {fileID: 4988511382922564643}
  m_RootOrder: 0
  m_LocalEulerAnglesHint: {x: 0.87700003, y: 44.709003, z: 0.18100001}
--- !u!20 &9073966196514691616
Camera:
  m_ObjectHideFlags: 0
  m_CorrespondingSourceObject: {fileID: 0}
  m_PrefabInstance: {fileID: 0}
  m_PrefabAsset: {fileID: 0}
  m_GameObject: {fileID: 1577807716825956140}
  m_Enabled: 1
  serializedVersion: 2
  m_ClearFlags: 1
  m_BackGroundColor: {r: 0.19215687, g: 0.3019608, b: 0.4745098, a: 0}
  m_projectionMatrixMode: 1
  m_GateFitMode: 2
  m_FOVAxisMode: 0
  m_SensorSize: {x: 36, y: 24}
  m_LensShift: {x: 0, y: 0}
  m_FocalLength: 50
  m_NormalizedViewPortRect:
    serializedVersion: 2
    x: 0
    y: 0
    width: 1
    height: 1
  near clip plane: 0.3
  far clip plane: 1000
  field of view: 60
  orthographic: 0
  orthographic size: 5
  m_Depth: 0
  m_CullingMask:
    serializedVersion: 2
    m_Bits: 4294967295
  m_RenderingPath: -1
  m_TargetTexture: {fileID: 0}
  m_TargetDisplay: 0
  m_TargetEye: 3
  m_HDR: 1
  m_AllowMSAA: 1
  m_AllowDynamicResolution: 0
  m_ForceIntoRT: 0
  m_OcclusionCulling: 1
  m_StereoConvergence: 10
  m_StereoSeparation: 0.022
--- !u!81 &723845224581143366
AudioListener:
  m_ObjectHideFlags: 0
  m_CorrespondingSourceObject: {fileID: 0}
  m_PrefabInstance: {fileID: 0}
  m_PrefabAsset: {fileID: 0}
  m_GameObject: {fileID: 1577807716825956140}
  m_Enabled: 1
--- !u!1 &2296134720174060445
GameObject:
  m_ObjectHideFlags: 0
  m_CorrespondingSourceObject: {fileID: 0}
  m_PrefabInstance: {fileID: 0}
  m_PrefabAsset: {fileID: 0}
  serializedVersion: 6
  m_Component:
  - component: {fileID: 458307510372452454}
  - component: {fileID: 5915602820587652649}
  - component: {fileID: 3905903423711905568}
  m_Layer: 0
  m_Name: polySurface26 (1)
  m_TagString: Untagged
  m_Icon: {fileID: 0}
  m_NavMeshLayer: 0
  m_StaticEditorFlags: 0
  m_IsActive: 1
--- !u!4 &458307510372452454
Transform:
  m_ObjectHideFlags: 0
  m_CorrespondingSourceObject: {fileID: 0}
  m_PrefabInstance: {fileID: 0}
  m_PrefabAsset: {fileID: 0}
  m_GameObject: {fileID: 2296134720174060445}
  m_LocalRotation: {x: 0, y: -0, z: -0, w: 1}
  m_LocalPosition: {x: -0, y: 5.0804274e-11, z: -0.0273}
  m_LocalScale: {x: 1, y: 1, z: 1}
  m_Children: []
  m_Father: {fileID: 4323777213434915527}
  m_RootOrder: 1
  m_LocalEulerAnglesHint: {x: 0, y: 0, z: 0}
--- !u!33 &5915602820587652649
MeshFilter:
  m_ObjectHideFlags: 0
  m_CorrespondingSourceObject: {fileID: 0}
  m_PrefabInstance: {fileID: 0}
  m_PrefabAsset: {fileID: 0}
  m_GameObject: {fileID: 2296134720174060445}
  m_Mesh: {fileID: 1848924527908158099, guid: dfd931b8e9e565847addfb7c2f8482a9, type: 3}
--- !u!23 &3905903423711905568
MeshRenderer:
  m_ObjectHideFlags: 0
  m_CorrespondingSourceObject: {fileID: 0}
  m_PrefabInstance: {fileID: 0}
  m_PrefabAsset: {fileID: 0}
  m_GameObject: {fileID: 2296134720174060445}
  m_Enabled: 1
  m_CastShadows: 1
  m_ReceiveShadows: 1
  m_DynamicOccludee: 1
  m_MotionVectors: 1
  m_LightProbeUsage: 1
  m_ReflectionProbeUsage: 1
  m_RenderingLayerMask: 1
  m_RendererPriority: 0
  m_Materials:
  - {fileID: 2100000, guid: f2d1d641d5fd836498dfa8ccdee1a293, type: 2}
  m_StaticBatchInfo:
    firstSubMesh: 0
    subMeshCount: 0
  m_StaticBatchRoot: {fileID: 0}
  m_ProbeAnchor: {fileID: 0}
  m_LightProbeVolumeOverride: {fileID: 0}
  m_ScaleInLightmap: 1
  m_ReceiveGI: 1
  m_PreserveUVs: 0
  m_IgnoreNormalsForChartDetection: 0
  m_ImportantGI: 0
  m_StitchLightmapSeams: 1
  m_SelectedEditorRenderState: 3
  m_MinimumChartSize: 4
  m_AutoUVMaxDistance: 0.5
  m_AutoUVMaxAngle: 89
  m_LightmapParameters: {fileID: 0}
  m_SortingLayerID: 0
  m_SortingLayer: 0
  m_SortingOrder: 0
--- !u!1 &2366082464296932618
GameObject:
  m_ObjectHideFlags: 0
  m_CorrespondingSourceObject: {fileID: 0}
  m_PrefabInstance: {fileID: 0}
  m_PrefabAsset: {fileID: 0}
  serializedVersion: 6
  m_Component:
  - component: {fileID: 857406909523621073}
  - component: {fileID: 1027825525052788313}
  - component: {fileID: 3818083710602665173}
  m_Layer: 0
  m_Name: polySurface26 (2)
  m_TagString: Untagged
  m_Icon: {fileID: 0}
  m_NavMeshLayer: 0
  m_StaticEditorFlags: 0
  m_IsActive: 1
--- !u!4 &857406909523621073
Transform:
  m_ObjectHideFlags: 0
  m_CorrespondingSourceObject: {fileID: 0}
  m_PrefabInstance: {fileID: 0}
  m_PrefabAsset: {fileID: 0}
  m_GameObject: {fileID: 2366082464296932618}
  m_LocalRotation: {x: 0, y: -0, z: -0, w: 1}
  m_LocalPosition: {x: -0, y: 5.0804274e-11, z: -0.0866}
  m_LocalScale: {x: 1, y: 1, z: 1}
  m_Children: []
  m_Father: {fileID: 4323777213434915527}
  m_RootOrder: 2
  m_LocalEulerAnglesHint: {x: 0, y: 0, z: 0}
--- !u!33 &1027825525052788313
MeshFilter:
  m_ObjectHideFlags: 0
  m_CorrespondingSourceObject: {fileID: 0}
  m_PrefabInstance: {fileID: 0}
  m_PrefabAsset: {fileID: 0}
  m_GameObject: {fileID: 2366082464296932618}
  m_Mesh: {fileID: 1848924527908158099, guid: dfd931b8e9e565847addfb7c2f8482a9, type: 3}
--- !u!23 &3818083710602665173
MeshRenderer:
  m_ObjectHideFlags: 0
  m_CorrespondingSourceObject: {fileID: 0}
  m_PrefabInstance: {fileID: 0}
  m_PrefabAsset: {fileID: 0}
  m_GameObject: {fileID: 2366082464296932618}
  m_Enabled: 1
  m_CastShadows: 1
  m_ReceiveShadows: 1
  m_DynamicOccludee: 1
  m_MotionVectors: 1
  m_LightProbeUsage: 1
  m_ReflectionProbeUsage: 1
  m_RenderingLayerMask: 1
  m_RendererPriority: 0
  m_Materials:
  - {fileID: 2100000, guid: f2d1d641d5fd836498dfa8ccdee1a293, type: 2}
  m_StaticBatchInfo:
    firstSubMesh: 0
    subMeshCount: 0
  m_StaticBatchRoot: {fileID: 0}
  m_ProbeAnchor: {fileID: 0}
  m_LightProbeVolumeOverride: {fileID: 0}
  m_ScaleInLightmap: 1
  m_ReceiveGI: 1
  m_PreserveUVs: 0
  m_IgnoreNormalsForChartDetection: 0
  m_ImportantGI: 0
  m_StitchLightmapSeams: 1
  m_SelectedEditorRenderState: 3
  m_MinimumChartSize: 4
  m_AutoUVMaxDistance: 0.5
  m_AutoUVMaxAngle: 89
  m_LightmapParameters: {fileID: 0}
  m_SortingLayerID: 0
  m_SortingLayer: 0
  m_SortingOrder: 0
--- !u!1 &8433334328258420770
GameObject:
  m_ObjectHideFlags: 0
  m_CorrespondingSourceObject: {fileID: 0}
  m_PrefabInstance: {fileID: 0}
  m_PrefabAsset: {fileID: 0}
  serializedVersion: 6
  m_Component:
  - component: {fileID: 4988511382922564643}
  m_Layer: 0
  m_Name: WinningScene
  m_TagString: Untagged
  m_Icon: {fileID: 0}
  m_NavMeshLayer: 0
  m_StaticEditorFlags: 0
  m_IsActive: 1
--- !u!4 &4988511382922564643
Transform:
  m_ObjectHideFlags: 0
  m_CorrespondingSourceObject: {fileID: 0}
  m_PrefabInstance: {fileID: 0}
  m_PrefabAsset: {fileID: 0}
  m_GameObject: {fileID: 8433334328258420770}
  m_LocalRotation: {x: 0, y: 0, z: 0, w: 1}
  m_LocalPosition: {x: 89.75786, y: 2.785699, z: -24.62745}
  m_LocalScale: {x: 1, y: 1, z: 1}
  m_Children:
  - {fileID: 6263214641250846970}
  - {fileID: 4323777213434915527}
  - {fileID: 4793110503121010063}
  - {fileID: 3883613124889984202}
  - {fileID: 6362744106699790059}
  - {fileID: 3669813269420461341}
  - {fileID: 4776490071223007834}
  m_Father: {fileID: 0}
  m_RootOrder: 0
  m_LocalEulerAnglesHint: {x: 0, y: 0, z: 0}
--- !u!1001 &1907045517149945574
PrefabInstance:
  m_ObjectHideFlags: 0
  serializedVersion: 2
  m_Modification:
    m_TransformParent: {fileID: 4988511382922564643}
    m_Modifications:
    - target: {fileID: 6409646261749777257, guid: 466f8b2d2403eaf47a3627b24cec89fe,
        type: 3}
      propertyPath: m_LocalPosition.x
      value: -0.07785797
      objectReference: {fileID: 0}
    - target: {fileID: 6409646261749777257, guid: 466f8b2d2403eaf47a3627b24cec89fe,
        type: 3}
      propertyPath: m_LocalPosition.y
      value: 2.214301
      objectReference: {fileID: 0}
    - target: {fileID: 6409646261749777257, guid: 466f8b2d2403eaf47a3627b24cec89fe,
        type: 3}
      propertyPath: m_LocalPosition.z
      value: 3.83745
      objectReference: {fileID: 0}
    - target: {fileID: 6409646261749777257, guid: 466f8b2d2403eaf47a3627b24cec89fe,
        type: 3}
      propertyPath: m_LocalRotation.x
      value: -0
      objectReference: {fileID: 0}
    - target: {fileID: 6409646261749777257, guid: 466f8b2d2403eaf47a3627b24cec89fe,
        type: 3}
      propertyPath: m_LocalRotation.y
      value: -0.5270291
      objectReference: {fileID: 0}
    - target: {fileID: 6409646261749777257, guid: 466f8b2d2403eaf47a3627b24cec89fe,
        type: 3}
      propertyPath: m_LocalRotation.z
      value: -0
      objectReference: {fileID: 0}
    - target: {fileID: 6409646261749777257, guid: 466f8b2d2403eaf47a3627b24cec89fe,
        type: 3}
      propertyPath: m_LocalRotation.w
      value: 0.84984726
      objectReference: {fileID: 0}
    - target: {fileID: 6409646261749777257, guid: 466f8b2d2403eaf47a3627b24cec89fe,
        type: 3}
      propertyPath: m_RootOrder
      value: 2
      objectReference: {fileID: 0}
    - target: {fileID: 6409646261749777257, guid: 466f8b2d2403eaf47a3627b24cec89fe,
        type: 3}
      propertyPath: m_LocalEulerAnglesHint.x
      value: 0
      objectReference: {fileID: 0}
    - target: {fileID: 6409646261749777257, guid: 466f8b2d2403eaf47a3627b24cec89fe,
        type: 3}
      propertyPath: m_LocalEulerAnglesHint.y
      value: -63.610004
      objectReference: {fileID: 0}
    - target: {fileID: 6409646261749777257, guid: 466f8b2d2403eaf47a3627b24cec89fe,
        type: 3}
      propertyPath: m_LocalEulerAnglesHint.z
      value: 0
      objectReference: {fileID: 0}
    - target: {fileID: 6409646261749777257, guid: 466f8b2d2403eaf47a3627b24cec89fe,
        type: 3}
      propertyPath: m_LocalScale.x
      value: 2
      objectReference: {fileID: 0}
    - target: {fileID: 6409646261749777257, guid: 466f8b2d2403eaf47a3627b24cec89fe,
        type: 3}
      propertyPath: m_LocalScale.y
      value: 2
      objectReference: {fileID: 0}
    - target: {fileID: 6409646261749777257, guid: 466f8b2d2403eaf47a3627b24cec89fe,
        type: 3}
      propertyPath: m_LocalScale.z
      value: 2
      objectReference: {fileID: 0}
    - target: {fileID: 7973898603759890810, guid: 466f8b2d2403eaf47a3627b24cec89fe,
        type: 3}
      propertyPath: m_Name
      value: ship2
      objectReference: {fileID: 0}
    m_RemovedComponents: []
  m_SourcePrefab: {fileID: 100100000, guid: 466f8b2d2403eaf47a3627b24cec89fe, type: 3}
--- !u!4 &4793110503121010063 stripped
Transform:
  m_CorrespondingSourceObject: {fileID: 6409646261749777257, guid: 466f8b2d2403eaf47a3627b24cec89fe,
    type: 3}
  m_PrefabInstance: {fileID: 1907045517149945574}
  m_PrefabAsset: {fileID: 0}
--- !u!1001 &2896672636296288644
PrefabInstance:
  m_ObjectHideFlags: 0
  serializedVersion: 2
  m_Modification:
    m_TransformParent: {fileID: 4988511382922564643}
    m_Modifications:
    - target: {fileID: 877255586655986848, guid: 0c8189d768583624bacf359364d6804f,
        type: 3}
      propertyPath: m_Name
      value: model
      objectReference: {fileID: 0}
    - target: {fileID: 877255586655986848, guid: 0c8189d768583624bacf359364d6804f,
        type: 3}
      propertyPath: m_IsActive
      value: 0
      objectReference: {fileID: 0}
    - target: {fileID: 5054542636624592252, guid: 0c8189d768583624bacf359364d6804f,
        type: 3}
      propertyPath: m_Name
      value: Pirates_rank2
      objectReference: {fileID: 0}
    - target: {fileID: 5054542636624592252, guid: 0c8189d768583624bacf359364d6804f,
        type: 3}
      propertyPath: m_Icon
      value: 
      objectReference: {fileID: -964228994112308473, guid: 0000000000000000d000000000000000,
        type: 0}
    - target: {fileID: 8105932217433575279, guid: 0c8189d768583624bacf359364d6804f,
        type: 3}
      propertyPath: m_LocalPosition.x
      value: -0.42585754
      objectReference: {fileID: 0}
    - target: {fileID: 8105932217433575279, guid: 0c8189d768583624bacf359364d6804f,
        type: 3}
      propertyPath: m_LocalPosition.y
      value: -0.88869894
      objectReference: {fileID: 0}
    - target: {fileID: 8105932217433575279, guid: 0c8189d768583624bacf359364d6804f,
        type: 3}
      propertyPath: m_LocalPosition.z
      value: 0.22545052
      objectReference: {fileID: 0}
    - target: {fileID: 8105932217433575279, guid: 0c8189d768583624bacf359364d6804f,
        type: 3}
      propertyPath: m_LocalRotation.x
      value: -0
      objectReference: {fileID: 0}
    - target: {fileID: 8105932217433575279, guid: 0c8189d768583624bacf359364d6804f,
        type: 3}
      propertyPath: m_LocalRotation.y
      value: 0.9313017
      objectReference: {fileID: 0}
    - target: {fileID: 8105932217433575279, guid: 0c8189d768583624bacf359364d6804f,
        type: 3}
      propertyPath: m_LocalRotation.z
      value: -0
      objectReference: {fileID: 0}
    - target: {fileID: 8105932217433575279, guid: 0c8189d768583624bacf359364d6804f,
        type: 3}
      propertyPath: m_LocalRotation.w
      value: -0.3642488
      objectReference: {fileID: 0}
    - target: {fileID: 8105932217433575279, guid: 0c8189d768583624bacf359364d6804f,
        type: 3}
      propertyPath: m_RootOrder
      value: 4
      objectReference: {fileID: 0}
    - target: {fileID: 8105932217433575279, guid: 0c8189d768583624bacf359364d6804f,
        type: 3}
      propertyPath: m_LocalEulerAnglesHint.x
      value: 0
      objectReference: {fileID: 0}
    - target: {fileID: 8105932217433575279, guid: 0c8189d768583624bacf359364d6804f,
        type: 3}
      propertyPath: m_LocalEulerAnglesHint.y
      value: 222.72299
      objectReference: {fileID: 0}
    - target: {fileID: 8105932217433575279, guid: 0c8189d768583624bacf359364d6804f,
        type: 3}
      propertyPath: m_LocalEulerAnglesHint.z
      value: 0
      objectReference: {fileID: 0}
    - target: {fileID: 8105932217433575279, guid: 0c8189d768583624bacf359364d6804f,
        type: 3}
      propertyPath: m_LocalScale.x
      value: 0.011044847
      objectReference: {fileID: 0}
    - target: {fileID: 8105932217433575279, guid: 0c8189d768583624bacf359364d6804f,
        type: 3}
      propertyPath: m_LocalScale.y
      value: 0.011044834
      objectReference: {fileID: 0}
    - target: {fileID: 8105932217433575279, guid: 0c8189d768583624bacf359364d6804f,
        type: 3}
      propertyPath: m_LocalScale.z
      value: 0.011044847
      objectReference: {fileID: 0}
    m_RemovedComponents: []
  m_SourcePrefab: {fileID: 100100000, guid: 0c8189d768583624bacf359364d6804f, type: 3}
--- !u!4 &6362744106699790059 stripped
Transform:
  m_CorrespondingSourceObject: {fileID: 8105932217433575279, guid: 0c8189d768583624bacf359364d6804f,
    type: 3}
  m_PrefabInstance: {fileID: 2896672636296288644}
  m_PrefabAsset: {fileID: 0}
--- !u!1001 &3618517017099285813
PrefabInstance:
  m_ObjectHideFlags: 0
  serializedVersion: 2
  m_Modification:
    m_TransformParent: {fileID: 4988511382922564643}
    m_Modifications:
    - target: {fileID: 877255586655986848, guid: 0c8189d768583624bacf359364d6804f,
        type: 3}
      propertyPath: m_Name
      value: model
      objectReference: {fileID: 0}
    - target: {fileID: 877255586655986848, guid: 0c8189d768583624bacf359364d6804f,
        type: 3}
      propertyPath: m_IsActive
      value: 0
      objectReference: {fileID: 0}
    - target: {fileID: 5054542636624592252, guid: 0c8189d768583624bacf359364d6804f,
        type: 3}
      propertyPath: m_Name
      value: Pirates_rank4
      objectReference: {fileID: 0}
    - target: {fileID: 5054542636624592252, guid: 0c8189d768583624bacf359364d6804f,
        type: 3}
      propertyPath: m_Icon
      value: 
      objectReference: {fileID: -964228994112308473, guid: 0000000000000000d000000000000000,
        type: 0}
    - target: {fileID: 8105932217433575279, guid: 0c8189d768583624bacf359364d6804f,
        type: 3}
      propertyPath: m_LocalPosition.x
      value: 0.889
      objectReference: {fileID: 0}
    - target: {fileID: 8105932217433575279, guid: 0c8189d768583624bacf359364d6804f,
        type: 3}
      propertyPath: m_LocalPosition.y
      value: -0.88869894
      objectReference: {fileID: 0}
    - target: {fileID: 8105932217433575279, guid: 0c8189d768583624bacf359364d6804f,
        type: 3}
      propertyPath: m_LocalPosition.z
      value: -0.989
      objectReference: {fileID: 0}
    - target: {fileID: 8105932217433575279, guid: 0c8189d768583624bacf359364d6804f,
        type: 3}
      propertyPath: m_LocalRotation.x
      value: -0
      objectReference: {fileID: 0}
    - target: {fileID: 8105932217433575279, guid: 0c8189d768583624bacf359364d6804f,
        type: 3}
      propertyPath: m_LocalRotation.y
      value: 0.9313017
      objectReference: {fileID: 0}
    - target: {fileID: 8105932217433575279, guid: 0c8189d768583624bacf359364d6804f,
        type: 3}
      propertyPath: m_LocalRotation.z
      value: -0
      objectReference: {fileID: 0}
    - target: {fileID: 8105932217433575279, guid: 0c8189d768583624bacf359364d6804f,
        type: 3}
      propertyPath: m_LocalRotation.w
      value: -0.3642488
      objectReference: {fileID: 0}
    - target: {fileID: 8105932217433575279, guid: 0c8189d768583624bacf359364d6804f,
        type: 3}
      propertyPath: m_RootOrder
      value: 6
      objectReference: {fileID: 0}
    - target: {fileID: 8105932217433575279, guid: 0c8189d768583624bacf359364d6804f,
        type: 3}
      propertyPath: m_LocalEulerAnglesHint.x
      value: 0
      objectReference: {fileID: 0}
    - target: {fileID: 8105932217433575279, guid: 0c8189d768583624bacf359364d6804f,
        type: 3}
      propertyPath: m_LocalEulerAnglesHint.y
      value: 222.72299
      objectReference: {fileID: 0}
    - target: {fileID: 8105932217433575279, guid: 0c8189d768583624bacf359364d6804f,
        type: 3}
      propertyPath: m_LocalEulerAnglesHint.z
      value: 0
      objectReference: {fileID: 0}
    - target: {fileID: 8105932217433575279, guid: 0c8189d768583624bacf359364d6804f,
        type: 3}
      propertyPath: m_LocalScale.x
      value: 0.011044847
      objectReference: {fileID: 0}
    - target: {fileID: 8105932217433575279, guid: 0c8189d768583624bacf359364d6804f,
        type: 3}
      propertyPath: m_LocalScale.y
      value: 0.011044834
      objectReference: {fileID: 0}
    - target: {fileID: 8105932217433575279, guid: 0c8189d768583624bacf359364d6804f,
        type: 3}
      propertyPath: m_LocalScale.z
      value: 0.011044847
      objectReference: {fileID: 0}
    m_RemovedComponents: []
  m_SourcePrefab: {fileID: 100100000, guid: 0c8189d768583624bacf359364d6804f, type: 3}
--- !u!4 &4776490071223007834 stripped
Transform:
  m_CorrespondingSourceObject: {fileID: 8105932217433575279, guid: 0c8189d768583624bacf359364d6804f,
    type: 3}
  m_PrefabInstance: {fileID: 3618517017099285813}
  m_PrefabAsset: {fileID: 0}
--- !u!1001 &4797395585392411250
PrefabInstance:
  m_ObjectHideFlags: 0
  serializedVersion: 2
  m_Modification:
    m_TransformParent: {fileID: 4988511382922564643}
    m_Modifications:
    - target: {fileID: 877255586655986848, guid: 0c8189d768583624bacf359364d6804f,
        type: 3}
      propertyPath: m_Name
      value: model
      objectReference: {fileID: 0}
    - target: {fileID: 877255586655986848, guid: 0c8189d768583624bacf359364d6804f,
        type: 3}
      propertyPath: m_IsActive
      value: 0
      objectReference: {fileID: 0}
    - target: {fileID: 5054542636624592252, guid: 0c8189d768583624bacf359364d6804f,
        type: 3}
      propertyPath: m_Name
      value: Pirates_rank3
      objectReference: {fileID: 0}
    - target: {fileID: 5054542636624592252, guid: 0c8189d768583624bacf359364d6804f,
        type: 3}
      propertyPath: m_Icon
      value: 
      objectReference: {fileID: -964228994112308473, guid: 0000000000000000d000000000000000,
        type: 0}
    - target: {fileID: 8105932217433575279, guid: 0c8189d768583624bacf359364d6804f,
        type: 3}
      propertyPath: m_LocalPosition.x
      value: 0.225
      objectReference: {fileID: 0}
    - target: {fileID: 8105932217433575279, guid: 0c8189d768583624bacf359364d6804f,
        type: 3}
      propertyPath: m_LocalPosition.y
      value: -0.88869894
      objectReference: {fileID: 0}
    - target: {fileID: 8105932217433575279, guid: 0c8189d768583624bacf359364d6804f,
        type: 3}
      propertyPath: m_LocalPosition.z
      value: -0.376
      objectReference: {fileID: 0}
    - target: {fileID: 8105932217433575279, guid: 0c8189d768583624bacf359364d6804f,
        type: 3}
      propertyPath: m_LocalRotation.x
      value: -0
      objectReference: {fileID: 0}
    - target: {fileID: 8105932217433575279, guid: 0c8189d768583624bacf359364d6804f,
        type: 3}
      propertyPath: m_LocalRotation.y
      value: 0.9313017
      objectReference: {fileID: 0}
    - target: {fileID: 8105932217433575279, guid: 0c8189d768583624bacf359364d6804f,
        type: 3}
      propertyPath: m_LocalRotation.z
      value: -0
      objectReference: {fileID: 0}
    - target: {fileID: 8105932217433575279, guid: 0c8189d768583624bacf359364d6804f,
        type: 3}
      propertyPath: m_LocalRotation.w
      value: -0.3642488
      objectReference: {fileID: 0}
    - target: {fileID: 8105932217433575279, guid: 0c8189d768583624bacf359364d6804f,
        type: 3}
      propertyPath: m_RootOrder
      value: 5
      objectReference: {fileID: 0}
    - target: {fileID: 8105932217433575279, guid: 0c8189d768583624bacf359364d6804f,
        type: 3}
      propertyPath: m_LocalEulerAnglesHint.x
      value: 0
      objectReference: {fileID: 0}
    - target: {fileID: 8105932217433575279, guid: 0c8189d768583624bacf359364d6804f,
        type: 3}
      propertyPath: m_LocalEulerAnglesHint.y
      value: 222.72299
      objectReference: {fileID: 0}
    - target: {fileID: 8105932217433575279, guid: 0c8189d768583624bacf359364d6804f,
        type: 3}
      propertyPath: m_LocalEulerAnglesHint.z
      value: 0
      objectReference: {fileID: 0}
    - target: {fileID: 8105932217433575279, guid: 0c8189d768583624bacf359364d6804f,
        type: 3}
      propertyPath: m_LocalScale.x
      value: 0.011044847
      objectReference: {fileID: 0}
    - target: {fileID: 8105932217433575279, guid: 0c8189d768583624bacf359364d6804f,
        type: 3}
      propertyPath: m_LocalScale.y
      value: 0.011044834
      objectReference: {fileID: 0}
    - target: {fileID: 8105932217433575279, guid: 0c8189d768583624bacf359364d6804f,
        type: 3}
      propertyPath: m_LocalScale.z
      value: 0.011044847
      objectReference: {fileID: 0}
    m_RemovedComponents: []
  m_SourcePrefab: {fileID: 100100000, guid: 0c8189d768583624bacf359364d6804f, type: 3}
--- !u!4 &3669813269420461341 stripped
Transform:
  m_CorrespondingSourceObject: {fileID: 8105932217433575279, guid: 0c8189d768583624bacf359364d6804f,
    type: 3}
  m_PrefabInstance: {fileID: 4797395585392411250}
  m_PrefabAsset: {fileID: 0}
--- !u!1001 &5015694866099303333
PrefabInstance:
  m_ObjectHideFlags: 0
  serializedVersion: 2
  m_Modification:
    m_TransformParent: {fileID: 4988511382922564643}
    m_Modifications:
    - target: {fileID: 877255586655986848, guid: 0c8189d768583624bacf359364d6804f,
        type: 3}
      propertyPath: m_Name
      value: model
      objectReference: {fileID: 0}
    - target: {fileID: 877255586655986848, guid: 0c8189d768583624bacf359364d6804f,
        type: 3}
      propertyPath: m_IsActive
      value: 0
      objectReference: {fileID: 0}
    - target: {fileID: 5054542636624592252, guid: 0c8189d768583624bacf359364d6804f,
        type: 3}
      propertyPath: m_Name
      value: Pirates_rank1
      objectReference: {fileID: 0}
    - target: {fileID: 5054542636624592252, guid: 0c8189d768583624bacf359364d6804f,
        type: 3}
      propertyPath: m_Icon
      value: 
      objectReference: {fileID: -964228994112308473, guid: 0000000000000000d000000000000000,
        type: 0}
    - target: {fileID: 8105932217433575279, guid: 0c8189d768583624bacf359364d6804f,
        type: 3}
      propertyPath: m_LocalPosition.x
      value: -2.417862
      objectReference: {fileID: 0}
    - target: {fileID: 8105932217433575279, guid: 0c8189d768583624bacf359364d6804f,
        type: 3}
      propertyPath: m_LocalPosition.y
      value: -0.88869894
      objectReference: {fileID: 0}
    - target: {fileID: 8105932217433575279, guid: 0c8189d768583624bacf359364d6804f,
        type: 3}
      propertyPath: m_LocalPosition.z
      value: 0.35145187
      objectReference: {fileID: 0}
    - target: {fileID: 8105932217433575279, guid: 0c8189d768583624bacf359364d6804f,
        type: 3}
      propertyPath: m_LocalRotation.x
      value: -0
      objectReference: {fileID: 0}
    - target: {fileID: 8105932217433575279, guid: 0c8189d768583624bacf359364d6804f,
        type: 3}
      propertyPath: m_LocalRotation.y
      value: 0.9313017
      objectReference: {fileID: 0}
    - target: {fileID: 8105932217433575279, guid: 0c8189d768583624bacf359364d6804f,
        type: 3}
      propertyPath: m_LocalRotation.z
      value: -0
      objectReference: {fileID: 0}
    - target: {fileID: 8105932217433575279, guid: 0c8189d768583624bacf359364d6804f,
        type: 3}
      propertyPath: m_LocalRotation.w
      value: -0.3642488
      objectReference: {fileID: 0}
    - target: {fileID: 8105932217433575279, guid: 0c8189d768583624bacf359364d6804f,
        type: 3}
      propertyPath: m_RootOrder
      value: 3
      objectReference: {fileID: 0}
    - target: {fileID: 8105932217433575279, guid: 0c8189d768583624bacf359364d6804f,
        type: 3}
      propertyPath: m_LocalEulerAnglesHint.x
      value: 0
      objectReference: {fileID: 0}
    - target: {fileID: 8105932217433575279, guid: 0c8189d768583624bacf359364d6804f,
        type: 3}
      propertyPath: m_LocalEulerAnglesHint.y
      value: 222.72299
      objectReference: {fileID: 0}
    - target: {fileID: 8105932217433575279, guid: 0c8189d768583624bacf359364d6804f,
        type: 3}
      propertyPath: m_LocalEulerAnglesHint.z
      value: 0
      objectReference: {fileID: 0}
    - target: {fileID: 8105932217433575279, guid: 0c8189d768583624bacf359364d6804f,
        type: 3}
      propertyPath: m_LocalScale.x
      value: 0.011044847
      objectReference: {fileID: 0}
    - target: {fileID: 8105932217433575279, guid: 0c8189d768583624bacf359364d6804f,
        type: 3}
      propertyPath: m_LocalScale.y
      value: 0.011044834
      objectReference: {fileID: 0}
    - target: {fileID: 8105932217433575279, guid: 0c8189d768583624bacf359364d6804f,
        type: 3}
      propertyPath: m_LocalScale.z
      value: 0.011044847
      objectReference: {fileID: 0}
    m_RemovedComponents: []
  m_SourcePrefab: {fileID: 100100000, guid: 0c8189d768583624bacf359364d6804f, type: 3}
--- !u!4 &3883613124889984202 stripped
Transform:
  m_CorrespondingSourceObject: {fileID: 8105932217433575279, guid: 0c8189d768583624bacf359364d6804f,
    type: 3}
  m_PrefabInstance: {fileID: 5015694866099303333}
  m_PrefabAsset: {fileID: 0}
--- !u!1001 &7661310401642542234
PrefabInstance:
  m_ObjectHideFlags: 0
  serializedVersion: 2
  m_Modification:
    m_TransformParent: {fileID: 4988511382922564643}
    m_Modifications:
    - target: {fileID: 5990631401670236805, guid: bca74e8e0d411cd4688a6479dd7b7a61,
        type: 3}
      propertyPath: m_LocalPosition.x
      value: 0
      objectReference: {fileID: 0}
    - target: {fileID: 5990631401670236805, guid: bca74e8e0d411cd4688a6479dd7b7a61,
        type: 3}
      propertyPath: m_LocalPosition.z
      value: 0.0314
      objectReference: {fileID: 0}
    - target: {fileID: 6220409310625652317, guid: bca74e8e0d411cd4688a6479dd7b7a61,
        type: 3}
      propertyPath: m_LocalPosition.x
      value: -0.627182
      objectReference: {fileID: 0}
    - target: {fileID: 6220409310625652317, guid: bca74e8e0d411cd4688a6479dd7b7a61,
        type: 3}
      propertyPath: m_LocalPosition.y
      value: -1.1556989
      objectReference: {fileID: 0}
    - target: {fileID: 6220409310625652317, guid: bca74e8e0d411cd4688a6479dd7b7a61,
        type: 3}
      propertyPath: m_LocalPosition.z
      value: -0.09358978
      objectReference: {fileID: 0}
    - target: {fileID: 6220409310625652317, guid: bca74e8e0d411cd4688a6479dd7b7a61,
        type: 3}
      propertyPath: m_LocalRotation.x
      value: -0
      objectReference: {fileID: 0}
    - target: {fileID: 6220409310625652317, guid: bca74e8e0d411cd4688a6479dd7b7a61,
        type: 3}
      propertyPath: m_LocalRotation.y
      value: -0.5366958
      objectReference: {fileID: 0}
    - target: {fileID: 6220409310625652317, guid: bca74e8e0d411cd4688a6479dd7b7a61,
        type: 3}
      propertyPath: m_LocalRotation.z
      value: -0
      objectReference: {fileID: 0}
    - target: {fileID: 6220409310625652317, guid: bca74e8e0d411cd4688a6479dd7b7a61,
        type: 3}
      propertyPath: m_LocalRotation.w
      value: 0.84377587
      objectReference: {fileID: 0}
    - target: {fileID: 6220409310625652317, guid: bca74e8e0d411cd4688a6479dd7b7a61,
        type: 3}
      propertyPath: m_RootOrder
      value: 1
      objectReference: {fileID: 0}
    - target: {fileID: 6220409310625652317, guid: bca74e8e0d411cd4688a6479dd7b7a61,
        type: 3}
      propertyPath: m_LocalEulerAnglesHint.x
      value: 0
      objectReference: {fileID: 0}
    - target: {fileID: 6220409310625652317, guid: bca74e8e0d411cd4688a6479dd7b7a61,
        type: 3}
      propertyPath: m_LocalEulerAnglesHint.y
      value: -64.91801
      objectReference: {fileID: 0}
    - target: {fileID: 6220409310625652317, guid: bca74e8e0d411cd4688a6479dd7b7a61,
        type: 3}
      propertyPath: m_LocalEulerAnglesHint.z
      value: 0
      objectReference: {fileID: 0}
    - target: {fileID: 6220409310625652317, guid: bca74e8e0d411cd4688a6479dd7b7a61,
        type: 3}
      propertyPath: m_LocalScale.x
      value: 43.00966
      objectReference: {fileID: 0}
    - target: {fileID: 6220409310625652317, guid: bca74e8e0d411cd4688a6479dd7b7a61,
        type: 3}
      propertyPath: m_LocalScale.z
      value: 43.00966
      objectReference: {fileID: 0}
    - target: {fileID: 6919794672194366542, guid: bca74e8e0d411cd4688a6479dd7b7a61,
        type: 3}
      propertyPath: m_Name
      value: bridge_long
      objectReference: {fileID: 0}
    m_RemovedComponents: []
  m_SourcePrefab: {fileID: 100100000, guid: bca74e8e0d411cd4688a6479dd7b7a61, type: 3}
--- !u!4 &4323777213434915527 stripped
Transform:
  m_CorrespondingSourceObject: {fileID: 6220409310625652317, guid: bca74e8e0d411cd4688a6479dd7b7a61,
    type: 3}
  m_PrefabInstance: {fileID: 7661310401642542234}
  m_PrefabAsset: {fileID: 0}
