%YAML 1.1
%TAG !u! tag:unity3d.com,2011:
--- !u!1 &2668840043353729381
GameObject:
  m_ObjectHideFlags: 0
  m_CorrespondingSourceObject: {fileID: 0}
  m_PrefabInstance: {fileID: 0}
  m_PrefabAsset: {fileID: 0}
  serializedVersion: 6
  m_Component:
  - component: {fileID: 4303155299735286245}
  - component: {fileID: 4306770130133034722}
  - component: {fileID: 2776490847172245936}
  - component: {fileID: 235462403579499278}
  - component: {fileID: 7134665503247777686}
  - component: {fileID: 539117688575688151}
  m_Layer: 11
  m_Name: Pirate
  m_TagString: Untagged
  m_Icon: {fileID: 0}
  m_NavMeshLayer: 0
  m_StaticEditorFlags: 0
  m_IsActive: 1
--- !u!4 &4303155299735286245
Transform:
  m_ObjectHideFlags: 0
  m_CorrespondingSourceObject: {fileID: 0}
  m_PrefabInstance: {fileID: 0}
  m_PrefabAsset: {fileID: 0}
  m_GameObject: {fileID: 2668840043353729381}
  m_LocalRotation: {x: 0, y: 1, z: 0, w: 0}
  m_LocalPosition: {x: 0, y: 0, z: 0}
  m_LocalScale: {x: 1, y: 1, z: 1}
  m_Children: []
  m_Father: {fileID: 0}
  m_RootOrder: 0
  m_LocalEulerAnglesHint: {x: 0, y: 180, z: 0}
--- !u!33 &4306770130133034722
MeshFilter:
  m_ObjectHideFlags: 0
  m_CorrespondingSourceObject: {fileID: 0}
  m_PrefabInstance: {fileID: 0}
  m_PrefabAsset: {fileID: 0}
  m_GameObject: {fileID: 2668840043353729381}
  m_Mesh: {fileID: 3369316746193770658, guid: 980f2e0a31f07dd4d857a960255dafde, type: 3}
--- !u!23 &2776490847172245936
MeshRenderer:
  m_ObjectHideFlags: 0
  m_CorrespondingSourceObject: {fileID: 0}
  m_PrefabInstance: {fileID: 0}
  m_PrefabAsset: {fileID: 0}
  m_GameObject: {fileID: 2668840043353729381}
  m_Enabled: 1
  m_CastShadows: 1
  m_ReceiveShadows: 1
  m_DynamicOccludee: 1
  m_MotionVectors: 1
  m_LightProbeUsage: 1
  m_ReflectionProbeUsage: 1
  m_RenderingLayerMask: 1
  m_RendererPriority: 0
  m_Materials:
  - {fileID: 2100000, guid: aa60489f2de3b6a42b3edb9b29fac3b4, type: 2}
  m_StaticBatchInfo:
    firstSubMesh: 0
    subMeshCount: 0
  m_StaticBatchRoot: {fileID: 0}
  m_ProbeAnchor: {fileID: 0}
  m_LightProbeVolumeOverride: {fileID: 0}
  m_ScaleInLightmap: 1
  m_PreserveUVs: 0
  m_IgnoreNormalsForChartDetection: 0
  m_ImportantGI: 0
  m_StitchLightmapSeams: 1
  m_SelectedEditorRenderState: 3
  m_MinimumChartSize: 4
  m_AutoUVMaxDistance: 0.5
  m_AutoUVMaxAngle: 89
  m_LightmapParameters: {fileID: 0}
  m_SortingLayerID: 0
  m_SortingLayer: 0
  m_SortingOrder: 0
--- !u!65 &235462403579499278
BoxCollider:
  m_ObjectHideFlags: 0
  m_CorrespondingSourceObject: {fileID: 0}
  m_PrefabInstance: {fileID: 0}
  m_PrefabAsset: {fileID: 0}
  m_GameObject: {fileID: 2668840043353729381}
  m_Material: {fileID: 0}
  m_IsTrigger: 0
  m_Enabled: 1
  serializedVersion: 2
  m_Size: {x: 1.7915804, y: 0.2909042, z: 1.7915804}
  m_Center: {x: -0.0000003874302, y: 0.0027274787, z: 0}
--- !u!114 &7134665503247777686
MonoBehaviour:
  m_ObjectHideFlags: 0
  m_CorrespondingSourceObject: {fileID: 0}
  m_PrefabInstance: {fileID: 0}
  m_PrefabAsset: {fileID: 0}
  m_GameObject: {fileID: 2668840043353729381}
  m_Enabled: 1
  m_EditorHideFlags: 0
  m_Script: {fileID: 11500000, guid: c26ccb54110355249a9b50ee360ecdbc, type: 3}
  m_Name: 
  m_EditorClassIdentifier: 
  tileIndex: 0
  currentPlayerOnTile: {fileID: 0}
  tileModel: {fileID: 0}
  tileModelBreak: {fileID: 0}
  checkpointTile: 0
  beenDestory: 0
  turnToReset: 0
  speicalEvent: {fileID: 0}
  tileItem: {fileID: 0}
  mainTileModel: {fileID: 0}
  newPlayer: {fileID: 0}
--- !u!114 &539117688575688151
MonoBehaviour:
  m_ObjectHideFlags: 0
  m_CorrespondingSourceObject: {fileID: 0}
  m_PrefabInstance: {fileID: 0}
  m_PrefabAsset: {fileID: 0}
  m_GameObject: {fileID: 2668840043353729381}
  m_Enabled: 1
  m_EditorHideFlags: 0
  m_Script: {fileID: 11500000, guid: 22622e623817629408562590e20ac89a, type: 3}
  m_Name: 
  m_EditorClassIdentifier: 
  eventname: SP event
  eventModel: {fileID: 0}
  suspendedEvent: 0
  allowToPushBack: 0
  availableToPlaceItem: 0
  sailSpeed: 10
  targetTile: {fileID: 0}
  nodePath: []
